@article{garcia_pardo_et_al_2002,
    Author = {Garcia-Pardo, Pedro J and Sukhatme, Gaurav S and Montgomery, James F},
    Journal = {Robotics and Autonomous Systems},
    Number = {1},
    Pages = {19--29},
    Publisher = {Elsevier},
    Title = {Towards vision-based safe landing for an autonomous helicopter},
    Volume = {38},
    Year = {2002}}

@inproceedings{saripalli_et_al_2002,
    Author = {Saripalli, Srikanth and Montgomery, James F and Sukhatme, Gaurav S},
    Booktitle = {IEEE International Conference on Robotics and Automation},
    Organization = {IEEE},
    Pages = {2799--2804},
    Title = {Vision-based autonomous landing of an unmanned aerial vehicle},
    Volume = {3},
    Year = {2002}}

@inproceedings{sharp_et_al_2001,
    author = {Sharp, Courtney S. and Shakernia, Omid and Sastry, Shankar},
    Booktitle = {IEEE International Conference on Robotics and Automation},
    pages = {1720-1727},
    publisher = {IEEE},
    title = {A Vision System for Landing an Unmanned Aerial Vehicle.},
    year = 2001
}
@inproceedings{quigley2009ros,
  title={ROS: an open-source Robot Operating System},
  author={Quigley, Morgan and Conley, Ken and Gerkey, Brian and Faust, Josh and Foote, Tully and Leibs, Jeremy and Wheeler, Rob and Ng, Andrew Y},
  booktitle={ICRA workshop on open source software},
  volume={3},
  number={3.2},
  year={2009}
}
@article{roberts2009arm,
  title={ARM cortex-a8 vs. intel atom: Architectural and benchmark comparisons},
  author={Roberts-Hoffman, Katie and Hegde, Pawankumar},
  journal={Dallas: University of Texas at Dallas},
  year={2009}
}
@incollection{stotzer2013openmp,
  title={OpenMP on the Low-Power TI Keystone II ARM/DSP System-on-Chip},
  author={Stotzer, Eric and Jayaraj, Ajay and Ali, Murtaza and Friedmann, Arnon and Mitra, Gaurav and Rendell, Alistair P and Lintault, Ian},
  booktitle={OpenMP in the Era of Low Power Devices and Accelerators},
  pages={114--127},
  year={2013},
  publisher={Springer}
}
@online{auvsi,
  author = {AUVSI},
  title = {{The Economic Impact of Unmanned Aircraft Systems Integration in the United States}},
  url = {http://www.auvsi.org/econreport},
  year = {2013}, 
  note = "[Online]"
}
@inproceedings{pereira2013c3uv,
  title={The C3UV Testbed for Collaborative Control and Information Acquisition Using UAVs},
  author={Pereira, E. and Sengupta, R. and Hedrick, K.},
  booktitle={American Control Conference},
  year={2013},
  organization={AACC}
}
@article{thrun2006stanley,
  title={Stanley: The robot that won the DARPA Grand Challenge},
  author={Thrun, Sebastian and Montemerlo, Mike and Dahlkamp, Hendrik and Stavens, David and Aron, Andrei and Diebel, James and Fong, Philip and Gale, John and Halpenny, Morgan and Hoffmann, Gabriel and others},
  journal={Journal of field Robotics},
  volume={23},
  number={9},
  pages={661--692},
  year={2006},
  publisher={Wiley Online Library}
}
@online{bestlibraryforcomputervision,
  author = {Stack Overflow},
  title = {{What is the best library for computer vision in C/C++?}},
  url = {http://stackoverflow.com/questions/66722/what-is-the-best-library-for-computer-vision-in-c-c},
  year = {2009}, 
  note = "[Online]"
}
@online{arducopter,
  author = {3DRobotics},
  title = {{APM 2.6 Set}},
  url = {http://store.3drobotics.com/products/apm-2-6-kit-1},
  year = {2013}, 
  note = "[Online]"
}
@online{opencvtbb,
  author = {OpenCV Adventure},
  title = {{Parallelizing Loops with Intel Thread Building Blocks}},
  url = {http://experienceopencv.blogspot.com/2011/07/parallelizing-loops-with-intel-thread.html},
  year = {2011}, 
  note = "[Online]"
}
@online{libjpeg-turbo,
  author = {libjpeg-turbo},
  title = {{Performance}},
  url = {http://www.libjpeg-turbo.org/About/Performance},
  year = {2013}, 
  note = "[Online]"
}
@inproceedings{pallipadi2006ondemand,
  title={The ondemand governor},
  author={Pallipadi, Venkatesh and Starikovskiy, Alexey},
  booktitle={Proceedings of the Linux Symposium},
  volume={2},
  pages={215--230},
  year={2006},
  organization={sn}
}
@article{faamodernizationact,
  title={FAA Modernization and Reform Act of 2012},
  author={Rep. Mica, John L. and others},
  year={2012},
  publisher={Congress}
}
@online{bbb-30fps,
  author = {Michael Darling},
  title = {{How to Achieve 30 fps with BeagleBone Black, OpenCV, and Logitech C920 Webcam}},
  url = {http://blog.lemoneerlabs.com/3rdParty/Darling_BBB_30fps_DRAFT.html},
  year = {2013}, 
  note = "[Online]"
}
@online{pixhawk,
  author = {3DRobotics},
  title = {{3DR Pixhawk}},
  url = {https://store.3drobotics.com/products/3dr-pixhawk},
  year = {2014}, 
  note = "[Online]"
}
@article{pulli2012real,
  title={Real-time computer vision with OpenCV},
  author={Pulli, Kari and Baksheev, Anatoly and Kornyakov, Kirill and Eruhimov, Victor},
  journal={Communications of the ACM},
  volume={55},
  number={6},
  pages={61--69},
  year={2012},
  publisher={ACM}
}
@inproceedings{mitra2013use,
  title={Use of SIMD vector operations to accelerate application code performance on low-powered ARM and Intel platforms},
  author={Mitra, Gaurav and Johnston, Beau and Rendell, Alistair P and McCreath, Eric and Zhou, Jun},
  booktitle={Parallel and Distributed Processing Symposium Workshops \& PhD Forum (IPDPSW), 2013 IEEE 27th International},
  pages={1107--1116},
  year={2013},
  organization={IEEE}
}
@inproceedings{herwitz2002precision,
  title={Precision agriculture as a commercial application for solar-powered unmanned aerial vehicles},
  author={Herwitz, Stanley R and Johnson, Lee F and Arvesen, JC and Higgins, Robert and Leung, Joseph and Dunagan, Stephen},
  booktitle={AIAA 1st Technical Conference and Workshop on Unmanned Aerospace Vehicles},
  year={2002}
}
@article{zhang2012application,
  title={The application of small unmanned aerial systems for precision agriculture: a review},
  author={Zhang, Chunhua and Kovacs, John M},
  journal={Precision agriculture},
  volume={13},
  number={6},
  pages={693--712},
  year={2012},
  publisher={Springer}
}
@article{berzanaccurate,
  title={Accurate Vision-Based Landing For Multicopter UAVs},
  author={Berzan, Constantin and Bhanage, Nahush and Shah, Sunil}
}
@inproceedings{catanzaro2009efficient,
  title={Efficient, high-quality image contour detection},
  author={Catanzaro, Bryan and Su, Bor-Yiing and Sundaram, Narayanan and Lee, Yunsup and Murphy, Mark and Keutzer, Kurt},
  booktitle={Computer Vision, 2009 IEEE 12th International Conference on},
  pages={2381--2388},
  year={2009},
  organization={IEEE}
}