
@mastersthesis{simamitra2013,
	Author = {Sima Mitra},
	Date-Added = {2013-10-29 18:18:02 +0000},
	Date-Modified = {2013-10-29 18:19:43 +0000},
	School = {Cornell University},
	Title = {Autonomous Quadcopter Autonomous Quadcopter Docking System},
	Year = {2013}}

@unpublished{ginkel2013,
	Author = {Robbert van Ginkel, Iris Meerman, Timo Mulder, Jorn Peters},
	Date-Added = {2013-10-29 18:07:26 +0000},
	Date-Modified = {2013-10-29 18:08:31 +0000},
	Month = {July},
	Title = {Autonomous Landing of a Quadcopter on a Predefined Marker},
	Year = {2013}}

@incollection{saripalli2003experimental,
	Author = {Saripalli, Srikanth and Sukhatme, Gaurav S and Montgomery, James F},
	Booktitle = {Experimental Robotics VIII},
	Pages = {466--475},
	Publisher = {Springer},
	Title = {An experimental study of the autonomous helicopter landing problem},
	Year = {2003}}

@inproceedings{green2003autonomous,
	Author = {Green, William E and Oh, Paul Y and Sevcik, Keith and Barrows, Geoffrey},
	Booktitle = {in ASME International Mechanical Engineering Congress and Exposition},
	Organization = {Citeseer},
	Title = {Autonomous landing for indoor flying robots using optic flow},
	Year = {2003}}

@incollection{merz2006autonomous,
	Author = {Merz, Torsten and Duranti, Simone and Conte, Gianpaolo},
	Booktitle = {Experimental Robotics IX},
	Pages = {343--352},
	Publisher = {Springer},
	Title = {Autonomous landing of an unmanned helicopter based on vision and inertial sensing},
	Year = {2006}}


@article{garcia2002towards,
  title={Towards vision-based safe landing for an autonomous helicopter},
  author={Garcia-Pardo, Pedro J and Sukhatme, Gaurav S and Montgomery, James F},
  journal={Robotics and Autonomous Systems},
  volume={38},
  number={1},
  pages={19--29},
  year={2002},
  publisher={Elsevier}}

  @inproceedings{johnson2005vision,
  title={Vision guided landing of an autonomous helicopter in hazardous terrain},
  author={Johnson, Andrew and Montgomery, James and Matthies, Larry},
  booktitle={Robotics and automation, 2005. ICRA 2005. Proceedings of the 2005 IEEE international conference on},
  pages={3966--3971},
  year={2005},
  organization={IEEE}}

@inproceedings{saripalli2002vision,
  title={Vision-based autonomous landing of an unmanned aerial vehicle},
  author={Saripalli, Srikanth and Montgomery, James F and Sukhatme, Gaurav S},
  booktitle={Robotics and automation, 2002. Proceedings. ICRA'02. IEEE international conference on},
  volume={3},
  pages={2799--2804},
  year={2002},
  organization={IEEE}}

  