@inproceedings{sharp2001vision,
  title={A vision system for landing an unmanned aerial vehicle},
  author={Sharp, Courtney S and Shakernia, Omid and Sastry, S Shankar},
  booktitle={Robotics and Automation, 2001. Proceedings 2001 ICRA. IEEE International Conference on},
  volume={2},
  pages={1720--1727},
  year={2001},
  organization={IEEE}
}