%% This BibTeX bibliography file was created using BibDesk.
%% http://bibdesk.sourceforge.net/


%% Created for Sunil Shah at 2013-10-29 17:34:37 -0700 


%% Saved with string encoding Unicode (UTF-8) 



@mastersthesis{simamitra2013,
	Author = {Sima Mitra},
	Date-Added = {2013-10-29 18:18:02 +0000},
	Date-Modified = {2013-10-29 18:19:43 +0000},
	School = {Cornell University},
	Title = {Autonomous Quadcopter Autonomous Quadcopter Docking System},
	Year = {2013}}

@unpublished{ginkel2013,
	Author = {van Ginkel, Robert and Meerman, Iris and Mulder,Timo and Peters,Jorn},
	Date-Added = {2013-10-29 18:07:26 +0000},
	Date-Modified = {2013-10-29 18:08:31 +0000},
	Month = {July},
	Title = {Autonomous Landing of a Quadcopter on a Predefined Marker},
	Year = {2013}}

@inproceedings{green2003autonomous,
	Author = {Green, William E and Oh, Paul Y and Sevcik, Keith and Barrows, Geoffrey},
	Booktitle = {in ASME International Mechanical Engineering Congress and Exposition},
	Organization = {Citeseer},
	Title = {Autonomous landing for indoor flying robots using optic flow},
	Year = {2003}}

@incollection{merz2006autonomous,
	Author = {Merz, Torsten and Duranti, Simone and Conte, Gianpaolo},
	Booktitle = {Experimental Robotics IX},
	Pages = {343--352},
	Publisher = {Springer},
	Title = {Autonomous landing of an unmanned helicopter based on vision and inertial sensing},
	Year = {2006}}

@article{garcia2002towards,
	Author = {Garcia-Pardo, Pedro J and Sukhatme, Gaurav S and Montgomery, James F},
	Journal = {Robotics and Autonomous Systems},
	Number = {1},
	Pages = {19--29},
	Publisher = {Elsevier},
	Title = {Towards vision-based safe landing for an autonomous helicopter},
	Volume = {38},
	Year = {2002}}

@inproceedings{johnson2005vision,
	Author = {Johnson, Andrew and Montgomery, James and Matthies, Larry},
	Booktitle = {Robotics and automation, 2005. ICRA 2005. Proceedings of the 2005 IEEE international conference on},
	Organization = {IEEE},
	Pages = {3966--3971},
	Title = {Vision guided landing of an autonomous helicopter in hazardous terrain},
	Year = {2005}}

@inproceedings{saripalli2002vision,
	Author = {Saripalli, Srikanth and Montgomery, James F and Sukhatme, Gaurav S},
	Booktitle = {Robotics and automation, 2002. Proceedings. ICRA'02. IEEE international conference on},
	Organization = {IEEE},
	Pages = {2799--2804},
	Title = {Vision-based autonomous landing of an unmanned aerial vehicle},
	Volume = {3},
	Year = {2002}}
